<record><leader>00000cas a22000007a 4500</leader><controlfield tag="001">12340422</controlfield><controlfield tag="008">850802d193919uunmumr ne      0    0eng d</controlfield><datafield ind1=" " ind2=" " tag="010"><subfield code="a">sn 94056901 </subfield></datafield><datafield ind1=" " ind2=" " tag="040"><subfield code="a">DPL</subfield><subfield code="b">eng</subfield><subfield code="c">DPL</subfield><subfield code="d">NVM</subfield><subfield code="d">CNK</subfield><subfield code="d">OCLCQ</subfield><subfield code="d">OCLCF</subfield><subfield code="d">OCLCO</subfield></datafield><datafield ind1="1" ind2=" " tag="029"><subfield code="a">AU@</subfield><subfield code="b">000011230283</subfield></datafield><datafield ind1=" " ind2=" " tag="042"><subfield code="a">msc</subfield></datafield><datafield ind1=" " ind2=" " tag="043"><subfield code="a">n-us-nm</subfield></datafield><datafield ind1="0" ind2=" " tag="130"><subfield code="a">Southwest (Gallup, N.M.)</subfield></datafield><datafield ind1="1" ind2="4" tag="245"><subfield code="a">The Southwest.</subfield></datafield><datafield ind1=" " ind2=" " tag="260"><subfield code="a">Gallup, N.M. :</subfield><subfield code="b">M.L. Woodard</subfield></datafield><datafield ind1=" " ind2=" " tag="300"><subfield code="a">v.</subfield></datafield><datafield ind1=" " ind2=" " tag="310"><subfield code="a">Monthly</subfield></datafield><datafield ind1="0" ind2=" " tag="362"><subfield code="a">Vol. 9, no. 17 (May 1939)-</subfield></datafield><datafield ind1=" " ind2="0" tag="651"><subfield code="a">Southwest, New</subfield><subfield code="x">Description and travel</subfield><subfield code="v">Newspapers.</subfield></datafield><datafield ind1=" " ind2="0" tag="651"><subfield code="a">Gallup (N.M.)</subfield><subfield code="v">Newspapers.</subfield></datafield><datafield ind1=" " ind2="0" tag="651"><subfield code="a">McKinley County (N.M.)</subfield><subfield code="v">Newspapers.</subfield></datafield><datafield ind1=" " ind2="7" tag="655"><subfield code="a">Newspapers.</subfield><subfield code="2">fast</subfield><subfield code="0">(OCoLC)fst01423814</subfield></datafield><datafield ind1=" " ind2="7" tag="650"><subfield code="a">Travel.</subfield><subfield code="2">fast</subfield><subfield code="0">(OCoLC)fst01155558</subfield></datafield><datafield ind1=" " ind2="7" tag="651"><subfield code="a">New Mexico</subfield><subfield code="z">Gallup.</subfield><subfield code="2">fast</subfield><subfield code="0">(OCoLC)fst01214321</subfield></datafield><datafield ind1=" " ind2="7" tag="651"><subfield code="a">New Mexico</subfield><subfield code="z">McKinley County.</subfield><subfield code="2">fast</subfield><subfield code="0">(OCoLC)fst01207916</subfield></datafield><datafield ind1=" " ind2="7" tag="651"><subfield code="a">Southwest, New.</subfield><subfield code="2">fast</subfield><subfield code="0">(OCoLC)fst01244556</subfield></datafield><datafield ind1=" " ind2=" " tag="752"><subfield code="a">United States</subfield><subfield code="b">New Mexico</subfield><subfield code="c">McKinley</subfield><subfield code="d">Gallup.</subfield></datafield><datafield ind1="0" ind2="0" tag="780"><subfield code="t">Southwest tourist news</subfield><subfield code="w">(DLC)sn 94056900</subfield></datafield></record>